%%%%%%%%%%%%%%%%%%
%%%  SNOW 2014 %%%
%%%%%%%%%%%%%%%%%%

@article{ballan2011event,
  author    = {Ballan, Lamberto and Bertini, Marco and Del Bimbo, Alberto and Seidenari, Lorenzo and Serra, Giuseppe},
  title     = {Event detection and recognition for semantic annotation of video},
  journal   = {Multimedia Tools and Applications},
  volume    = {51},
  number    = {1},
  pages     = {279--302},
  year      = {2011},
}

@inproceedings{de2013discovering,
  author    = {De Vocht, Laurens and Coppens, Sam and Verborgh, Ruben and Vander Sande, Miel and Mannens, Erik and Van de Walle, Rik},
  title     = {Discovering Meaningful Connections between Resources in the {Web of Data}},
  booktitle = {6$^{th}$ Internation Workshop on Linked Data on the Web (LDOW'13)},
  year      = {2013},
}

@inproceedings{katsiouli2007,
  author    = {Katsiouli, Polyxeni and Tsetsos, Vassileios and Hadjiefthymiades, Stathes},
  title     = {Semantic video classification based on subtitles and domain terminologies},
  booktitle = {1$^{st}$ International Workshop on Knowledge Acquisition from Multimedia Content (KAMC'07)},
  year      = {2007}
}

@INPROCEEDINGS{LiJia2007,
  author    = {Li-Jia Li and Li Fei-Fei},
  title     = {What, where and who? Classifying events by scene and object recognition},
  booktitle = {IEEE 11$^{th}$ International Conference on Computer Vision (ICCV'07)},
  year      = {2007},
  pages     = {1-8},
}

@inproceedings{yunjia2013,
  author =      {{L}i, {Y}unjia and  {R}izzo, {G}iuseppe and  {R}edondo {G}arcia, {J}os{\'e} {L}uis and  {T}roncy, {R}apha{\"e}l},
  title =       {{E}nriching media fragments with named entities for video classification},
  booktitle =   {1$^{st}$ Worldwide Web Workshop on Linked Media (LiME'13)},
  address =     {Rio de Janeiro, Brazil},
  year =        {2013},
}

@inproceedings{moore2012novel,
  author={Moore, Joshua L and Steinke, Florian and Tresp, Volker},
  title={A novel metric for information retrieval in semantic networks},
  booktitle={The Semantic Web: ESWC 2011 Workshops},
  pages={65--79},
  year={2012},
}

@techreport{page1999pagerank,
  author={Lawrence Page and Sergey Brin and Rajeev Motwani and Terry Winograd},
  title={{The PageRank citation ranking: bringing order to the web}},
  year={1999},
  institution={Stanford InfoLab}
}

@INPROCEEDINGS{Rizzo2012,
	author    = {Rizzo, Giuseppe  and  Troncy, Raphael},
	title     = {{NERD: A Framework for Unifying Named Entity Recognition and Disambiguation Extraction Tools}},
	booktitle = {13$^{th}$ Conference of the European Chapter of the Association for Computational Linguistics (EACL'12)},
	year      = {2012},
  	address   = {Avignon, France},
}

@poster{Milicic2013b,
  year =        {2013},
  title =       {{T}racking and analyzing the 2013 {I}talian election},
  author =      {{M}ilicic, {V}uk and  {R}edondo {G}arcia, {J}ose {L}uis and  {R}izzo, {G}iuseppe and  {T}roncy, {R}apha{\"e}l},
  month =       {05},
  institution = {Eurecom},
  url =  	      {https://www.eurecom.fr/publication/4031}
}

@InProceedings{Milicic2013,
  author    = {Milicic, Vuk  and  Rizzo, Giuseppe and Redondo Garcia, Jose Luis and Troncy, Raphael and Steiner, Thomas},
  title     = {{Live Topic Generation from Event Streams}},
  booktitle = {22$^{nd}$ International World Wide Web Conference (WWW'13)},
  year      = {2013},
  address   = {Rio de Janeiro, Brazil},
}

@inproceedings{winkler2006overview,
  author={Winkler, William E},
  title={Overview of record linkage and current research directions},
  booktitle={Bureau of the Census},
  year={2006},
}

@inproceedings{snow2014dc,
author = {Symeon Papadopoulos, David Corney, Luca Aiello},
title = {SNOW 2014 Data Challenge: Assessing the Performance of News Topic Detection Methods in Social Media},
booktitle = {Proceedings of the SNOW 2014 Data Challenge},
year = {2014},
}

@ARTICLE{Aiello, 
author={Aiello, L.M. and Petkos, G. and Martin, C. and Corney, D. and Papadopoulos, S. and Skraba, R. and Goker, A. and Kompatsiaris, I. and Jaimes, A.}, 
journal={Multimedia, IEEE Transactions on}, 
title={Sensing Trending Topics in Twitter}, 
year={2013}, 
month={Oct}, 
volume={15}, 
number={6}, 
pages={1268-1282}, 
keywords={information filtering;natural language processing;social networking (online);Twitter datasets;information filtering;natural language processing techniques;online news media;online social media;sampling procedure;sensing trending topics;social sources;social streams;topic detection methods;trending topic detection;Information filtering;Twitter;social media;social sensing;text mining;topic detection}, 
doi={10.1109/TMM.2013.2265080}, 
ISSN={1520-9210},}

@ARTICLE{Schifferes, 
author={Schifferes, S. and Newman, N. and Thurman, N. and Corney, D. and Goker, A.S. and Martin, C.}, 
journal={Digital Journalism}, 
title={Identifying and verifying news through social media: Developing a user-centred tool for professional journalists.}, 
year={2014}, 
doi={10.1080/21670811.2014.892747},}
